<?xml version="1.0" encoding="UTF-8"?><collection xmlns="http://www.loc.gov/MARC21/slim"><record><leader>00469nam--2200169-i-4500</leader><controlfield tag="001">000028414</controlfield><controlfield tag="002">20161230</controlfield><controlfield tag="005">20161230201037</controlfield><controlfield tag="008">060222s1000------------r-----000-0-eng-d</controlfield><datafield ind1=" " ind2=" " tag="040"><subfield code="a">IFIN-HH</subfield></datafield><datafield ind1=" " ind2=" " tag="080"><subfield code="a">531.5</subfield></datafield><datafield ind1="1" ind2=" " tag="100"><subfield code="a">Kuchowicz, Bronislaw</subfield></datafield><datafield ind1="1" ind2="0" tag="245"><subfield code="a">Remarks on the motion in gravitational fields of extended masses</subfield><subfield code="c">Bronislaw Kuchowicz</subfield></datafield><datafield ind1=" " ind2=" " tag="260"><subfield code="a">Warsaw, University Of Warsaw, 1966</subfield></datafield><datafield ind1=" " ind2=" " tag="300"><subfield code="a">8P</subfield></datafield><datafield ind1=" " ind2=" " tag="852"><subfield code="a">23011</subfield><subfield code="c">531</subfield></datafield><datafield ind1=" " ind2=" " tag="CAT"><subfield code="a">Sys</subfield><subfield code="c">20100623</subfield><subfield code="h">090429</subfield></datafield></record></collection>